@comment{{This file has been generated by bib2bib 1.99}}

@comment{{Command line: bib2bib -c '$key="avron90ndjfl" or $key="ciabattoni18tocl" or $key="blair86cor" or $key="marin22apal" or $key="negri16jlc" or $key="negri03aml" or $key="harper93jacm" or $key="schroeder-heister84" or 1=2' ../../../Dropbox/Writing/references/master.bib}}

@preamble{{\newcommand{\Plato}[1]{}}}

@string{apal = {Annals of Pure and Applied Logic}}

@article{avron90ndjfl,
  author = {Arnon Avron},
  title = {Gentzenizing {Schroeder-Heister's} Natural Extension
                 of Natural Deduction},
  journal = {Notre Dame Journal of Formal Logic},
  year = {1990},
  volume = {31},
  number = {1},
  pages = {127--135},
  doi = {10.1305/ndjfl/1093635337}
}

@article{blair86cor,
  author = {Charles E. Blair and Robert G. Jeroslow and James K.
                 Lowe},
  title = {Some results and experiments in programming techniques
                 for propositional logic},
  journal = {Computers and Operations Research},
  year = {1986},
  volume = {13},
  number = {5},
  pages = {633--645},
  doi = {10.1016/0305-0548(86)90056-0}
}

@article{ciabattoni18tocl,
  author = {Agata Ciabattoni and Francesco A. Genco},
  title = {Hypersequents and Systems of Rules: Embeddings and
                 Applications},
  journal = {{ACM} Trans. Comput. Log.},
  volume = {19},
  number = {2},
  pages = {11:1--11:27},
  year = {2018},
  doi = {10.1145/3180075}
}

@article{harper93jacm,
  author = {Robert Harper and Furio Honsell and Gordon Plotkin},
  title = {A Framework for Defining Logics},
  journal = {Journal of the ACM},
  volume = {40},
  number = {1},
  pages = {143--184},
  year = {1993},
  doi = {10.1145/138027.138060}
}

@article{marin22apal,
  author = {Sonia Marin and Dale Miller and Elaine Pimentel and
                 Marco Volpe},
  title = {From axioms to synthetic inference rules via
                 focusing},
  journal = apal,
  doi = {10.1016/j.apal.2022.103091},
  volume = {173},
  number = {5},
  pages = {1--32},
  year = {2022}
}

@article{negri03aml,
  author = {Sara Negri},
  title = {Contraction-free sequent calculi for geometric
                 theories with an application to {Barr's} theorem},
  journal = {Archive for Mathematical Logic},
  year = {2003},
  volume = {42},
  pages = {389--401},
  doi = {10.1007/s001530100124}
}

@article{negri16jlc,
  author = {Sara Negri},
  title = {Proof analysis beyond geometric theories: from rule
                 systems to systems of rules},
  journal = {Journal of Logic and Computation},
  year = {2016},
  pages = {513--537},
  volume = {26},
  number = {2},
  doi = {10.1093/LOGCOM/EXU037}
}

@article{schroeder-heister84,
  author = {Peter Schroeder-Heister},
  title = {A Natural Extension of Natural Deduction},
  journal = {Journal of Symbolic Logic},
  volume = {49},
  number = {4},
  year = {1984},
  pages = {1284--1300},
  doi = {10.2307/2274279}
}

