@comment{{This file can be used for bibtex references not in the master.bib file.}}

