@String{apal =   "Annals of Pure and Applied Logic"}

@String{cade92 = "11th Conf.\ on Automated Deduction (CADE)"}

@String{cade94 = "12th Conf.\ on Automated Deduction (CADE)"}

@String{cade97 = "14th Conf.\ on Automated Deduction (CADE)"}

@String{cade98 = "15th Conf.\ on Automated Deduction (CADE)"}

@String{cade99 = "16th Conf.\ on Automated Deduction (CADE)"}

@String{cade00 = "17th Conf.\ on Automated Deduction (CADE)"}

@String{cade02 = "18th Conf.\ on Automated Deduction (CADE)"}

@String{cade05 = "20th Conf.\ on Automated Deduction (CADE)"}

@String{cade07 = "21th Conf.\ on Automated Deduction (CADE)"}

@String{csl94 =  "CSL 1994: Computer Science Logic"}

@String{csl98 =  "CSL 1998: Computer Science Logic"}

@String{csl05 =  "CSL 2005: Computer Science Logic"}

@String{csl06 =  "CSL 2006: Computer Science Logic"}

@String{csl07 =  "CSL 2007: Computer Science Logic"}

@String{csl08 =  "CSL 2008: Computer Science Logic"}

@String{csl10 =  "CSL 2010: Computer Science Logic"}

@String{csl11 =  "CSL 2011: Computer Science Logic"}

@String{csl12 =  "CSL 2012: Computer Science Logic"}

%@String{entcs =  "Electronic Notes in Theoretical Computer Science"}
@String{entcs =  "ENTCS"}

@String{eptcs =  "Electronic Proceedings in Theoretical Computer
                 Science"}

@String{fsttcs05 = "FSTTCS 2005: Foundations of Software Technology and
                 Theoretical Computer Science"}

@String{ijcar06 = "Third International Joint Conference on Automated
                 Reasoning (IJCAR'06)"}

@String{ijcar08 = "Fourth International Joint Conference on Automated
                 Reasoning"}

@String{ijcar10 = "Fifth International Joint Conference on Automated
                 Reasoning"}

@String{jacm =   "J. of the ACM"}

@String{jar =    "Journal of Automated Reasoning"}

@String{jcss =   "J. of Computer and System Sciences"}

@String{jlap =   "J. of Logic and Algebraic Programming"}

@String{jlc =    "Journal of Logic and Computation"}

@String{jlp =    "Journal of Logic Programming"}

@String{jsl =    "Journal of Symbolic Logic"}

@String{lfmtp08 = "International Workshop on Logical Frameworks and
                 Meta-Languages: Theory and Practice (LFMTP 2008)"}

@String{lics86 = "1st Symp.\ on Logic in Computer Science"}

@String{lics87 = "2nd Symp.\ on Logic in Computer Science"}

@String{lics88 = "3nd Symp.\ on Logic in Computer Science"}

@String{lics89 = "4th Symp.\ on Logic in Computer Science"}

@String{lics90 = "5th Symp.\ on Logic in Computer Science"}

@String{lics91 = "6th Symp.\ on Logic in Computer Science"}

@String{lics92 = "7th Symp.\ on Logic in Computer Science"}

@String{lics93 = "8th Symp.\ on Logic in Computer Science"}

@String{lics94 = "9th Symp.\ on Logic in Computer Science"}

@String{lics95 = "10th Symp.\ on Logic in Computer Science"}

@String{lics96 = "11th Symp.\ on Logic in Computer Science"}

@String{lics97 = "12th Symp.\ on Logic in Computer Science"}

@String{lics98 = "13th Symp.\ on Logic in Computer Science"}

@String{lics99 = "14th Symp.\ on Logic in Computer Science"}

@String{lics01 = "16th Symp.\ on Logic in Computer Science"}

@String{lics02 = "17th Symp.\ on Logic in Computer Science"}

@String{lics03 = "18th Symp.\ on Logic in Computer Science"}

@String{lics04 = "19uth Symp.\ on Logic in Computer Science"}

@String{lics05 = "20th Symp.\ on Logic in Computer Science"}

@String{lics07 = "22th Symp.\ on Logic in Computer Science"}

@String{lics08 = "23th Symp.\ on Logic in Computer Science"}

@String{lics09 = "24th Symp.\ on Logic in Computer Science"}

@String{lics10 = "25th Symp.\ on Logic in Computer Science"}

@String{lmcs =   "Logical Methods in Computer Science"}

@String{lci =    "Schloss Dagstuhl--Leibniz-Zentrum f{\"u}r Informatik"}

@String{lipics = "Leibniz International Proceedings in Informatics
                 (LIPIcs)"}

%@String{lnai =   "Lecture Notes in Artificial Intelligence"}

%@String{lncs =   "Lecture Notes in Computer Science"}

%@String{lncs =   "Lecture Notes in Mathematics"}

@String{lnai =   "LNAI"}

@String{lncs =   "LNCS"}

@String{lnm =    "LNM"}

@String{lpar05 = "LPAR: Logic Programming and Automated Reasoning,
                 International Conference"}

@String{lpar92 = "LPAR: Logic Programming and Automated Reasoning,
                 International Conference"}

@String{popl08 = "35th ACM Symp.\ on Principles of Programming
                 Languages"}

@String{popl05 = "32nd ACM Symp.\ on Principles of Programming
                 Languages"}

@String{popl02 = "29th ACM Symp.\ on Principles of Programming
                 Languages"}

@String{popl90 = "17th ACM Symp.\ on Principles of Programming
                 Languages"}

@String{popl91 = "18th ACM Symp.\ on Principles of Programming
                 Languages"}

@String{ppdp09 = "ACM SIGPLAN Conference on Principles and Practice of
                 Declarative Programming (PPDP)"}

@String{ppdp10 = "ACM SIGPLAN Conference on Principles and Practice of
                 Declarative Programming (PPDP)"}

@String{pub-sv = "Springer"}

@String{tableaux99 = "TABLEAUX 99: Automated Reasoning with Analytic
                 Tableaux and Related Methods"}

@String{tableaux09 = "TABLEAUX 09: Automated Reasoning with Analytic
                 Tableaux and Related Methods"}

@String{tcs =    "Theoretical Computer Science"}

@String{tocl =   "ACM Trans.\ on Computational Logic"}

@String{tplp =   "Theory and Practice of Logic Programming"}

@String{welp91 = "2nd Workshop on Extensions to Logic Programming"}

@String{welp92 = "3rd Workshop on Extensions to Logic Programming"}

@String{welp93 = "4th Workshop on Extensions to Logic Programming"}

@String{welp94 = "5th Workshop on Extensions to Logic Programming"}

@String{welp96 = "7th Workshop on Extensions to Logic Programming"}

@unpublished{Francesca-IJCAR24,
author = {Brian Hill and Francesca Poggiolesi},
title = {Reasons behind decisions in sequent calculi style},
note =  {Submitted to IJCAR},
year      = {2024}
}

@article{DBLP:journals/entcs/PimentelNN16,
  author    = {Elaine Pimentel and
               Vivek Nigam and
               Jo{\~{a}}o Neto},
  title     = {Multi-focused Proofs with Different Polarity Assignments},
  journal   = {Electr. Notes Theor. Comput. Sci.},
  volume    = {323},
  pages     = {163--179},
  year      = {2016},
  url       = {http://dx.doi.org/10.1016/j.entcs.2016.06.011},
  doi       = {10.1016/j.entcs.2016.06.011},
  timestamp = {Tue, 26 Jul 2016 16:47:42 +0200},
  biburl    = {http://dblp.uni-trier.de/rec/bib/journals/entcs/PimentelNN16},
  bibsource = {dblp computer science bibliography, http://dblp.org}
}


@article{DBLP:journals/sLogica/Schroeder-Heister14,
  author    = {Peter Schroeder{-}Heister},
  title     = {The Calculus of Higher-Level Rules, Propositional Quantification,
               and the Foundational Approach to Proof-Theoretic Harmony},
  journal   = {Stud Logica},
  volume    = {102},
  number    = {6},
  pages     = {1185--1216},
  year      = {2014},
  url       = {https://doi.org/10.1007/s11225-014-9562-3},
  doi       = {10.1007/s11225-014-9562-3},
  timestamp = {Tue, 01 Sep 2020 13:10:39 +0200},
  biburl    = {https://dblp.org/rec/journals/sLogica/Schroeder-Heister14.bib},
  bibsource = {dblp computer science bibliography, https://dblp.org}
}


@Article{hallnas90jlc,
  author =       "Lars Halln{\"{a}}s and Peter Schroeder-Heister",
  title =        "A Proof-Theoretic Approach to Logic Programming. {I}.
                 {Clauses} as rules",
  journal =      jlc,
  volume =       "1",
  number =       "2",
  year =         "1990",
  month =        dec,
  pages =        "261--283",
}

@Article{schroeder-heister84,
  author =       "Peter Schroeder-Heister",
  title =        "A Natural Extension of Natural Deduction",
  journal =      "Journal of Symbolic Logic",
  volume =       "49",
  number =       "4",
  year =         "1984",
  pages =        "1284--1300",
}



@article{DBLP:journals/apal/Kurokawa09,
  author    = {Hidenori Kurokawa},
  title     = {Hypersequent calculi for intuitionistic logic with classical atoms},
  journal   = {Ann. Pure Appl. Log.},
  volume    = {161},
  number    = {3},
  pages     = {427--446},
  year      = {2009},
  url       = {https://doi.org/10.1016/j.apal.2009.07.013},
  doi       = {10.1016/j.apal.2009.07.013},
  timestamp = {Fri, 21 Feb 2020 21:18:36 +0100},
  biburl    = {https://dblp.org/rec/journals/apal/Kurokawa09.bib},
  bibsource = {dblp computer science bibliography, https://dblp.org}
}

@Article{guglielmi07tocl,
  author =       "Alessio Guglielmi",
  title =        "A System of Interaction and Structure",
  journal =      tocl,
  year =         "2007",
  volume =       "8",
  number =       "1",
  pages =        "1--64",
  month =        jan,
}


@Article{bruscoli06tcs,
  author =       "Paola Bruscoli and Alessio Guglielmi",
  title =        "On structuring proof search for first order linear
                 logic",
  journal =      tcs,
  year =         "2006",
  volume =       "360",
  number =       "1-3",
  pages =        "42--76",
}

@book{lemmonscott77,
title = {An Introduction to Modal Logic},
author = {Edward J. Lemmon and Dana S. Scott}, 
publisher =  {Blackwell},
year = {1977},
}

@article{DBLP:journals/apal/MarinMPV22,
  author       = {Sonia Marin and
                  Dale Miller and
                  Elaine Pimentel and
                  Marco Volpe},
  title        = {From axioms to synthetic inference rules via focusing},
  journal      = {Ann. Pure Appl. Log.},
  volume       = {173},
  number       = {5},
  pages        = {103091},
  year         = {2022},
  url          = {https://doi.org/10.1016/j.apal.2022.103091},
  doi          = {10.1016/j.apal.2022.103091},
  timestamp    = {Sat, 09 Apr 2022 12:27:34 +0200},
  biburl       = {https://dblp.org/rec/journals/apal/MarinMPV22.bib},
  bibsource    = {dblp computer science bibliography, https://dblp.org}
}

@InProceedings{plotkin:stirling:86,
	author="Gordon D. Plotkin and Colin P. Stirling",
	title="A framework for intuitionistic modal logic",
	editor="J. Y. Halpern",
	booktitle="1st Conference on Theoretical Aspects of Reasoning About Knowledge",
	publisher =    "Morgan Kaufmann",
	year=1986,
	pages="399-406"
}

@inproceedings{DBLP:conf/aiml/MarinMV16,
  author    = {Sonia Marin and
               Dale Miller and
               Marco Volpe},
  editor    = {Lev D. Beklemishev and
               St{\'{e}}phane Demri and
               Andr{\'{a}}s Mat{\'{e}}},
  title     = {A focused framework for emulating modal proof systems},
  booktitle = {Advances in Modal Logic 11, proceedings of the 11th conference on
               ``Advances in Modal Logic,'' held in Budapest, Hungary, August 30 -
               September 2, 2016},
  pages     = {469--488},
  publisher = {College Publications},
  year      = {2016},
  timestamp = {Thu, 12 Mar 2020 11:36:59 +0100},
  biburl    = {https://dblp.org/rec/conf/aiml/MarinMV16.bib},
  bibsource = {dblp computer science bibliography, https://dblp.org}
}
#  url       = {http://www.aiml.net/volumes/volume11/Marin-Miller-Volpe.pdf},

@inproceedings{DBLP:conf/csl/CiabattoniST09,
  author    = {Agata Ciabattoni and
               Lutz Stra{\ss}burger and
               Kazushige Terui},
  editor    = {Erich Gr{\"{a}}del and
               Reinhard Kahle},
  title     = {Expanding the Realm of Systematic Proof Theory},
  booktitle = {Computer Science Logic, 23rd international Workshop, {CSL} 2009, 18th
               Annual Conference of the EACSL, Coimbra, Portugal, September 7-11,
               2009. Proceedings},
  series    = {Lecture Notes in Computer Science},
  volume    = {5771},
  pages     = {163--178},
  publisher = {Springer},
  year      = {2009},
  url       = {https://doi.org/10.1007/978-3-642-04027-6\_14},
  doi       = {10.1007/978-3-642-04027-6_14},
  timestamp = {Tue, 14 May 2019 10:00:42 +0200},
  biburl    = {https://dblp.org/rec/conf/csl/CiabattoniST09.bib},
  bibsource = {dblp computer science bibliography, https://dblp.org}
}

@inproceedings{DBLP:conf/tableaux/CiabattoniMS13,
  author    = {Agata Ciabattoni and
               Paolo Maffezioli and
               Lara Spendier},
  editor    = {Didier Galmiche and
               Dominique Larchey{-}Wendling},
  title     = {Hypersequent and Labelled Calculi for Intermediate Logics},
  booktitle = {Automated Reasoning with Analytic Tableaux and Related Methods - 22th
               International Conference, {TABLEAUX} 2013, Nancy, France, September
               16-19, 2013. Proceedings},
  series    = {Lecture Notes in Computer Science},
  volume    = {8123},
  pages     = {81--96},
  publisher = {Springer},
  year      = {2013},
  doi       = {10.1007/978-3-642-40537-2_9},
  timestamp = {Mon, 16 Sep 2019 15:24:38 +0200},
  biburl    = {https://dblp.org/rec/conf/tableaux/CiabattoniMS13.bib},
  bibsource = {dblp computer science bibliography, https://dblp.org}
}
#   url       = {https://doi.org/10.1007/978-3-642-40537-2_9},

@article{Kracht96,
title = {Power and weakness of the modal display calculus},
author = {Marcus Kracht},
series = {Proof Theory of Modal Logic},
journal = {Applied Logic Series},
volume = {2},
pages = {93-121},
editor = {Kluwer},
year = {1996},
}

@article{DBLP:journals/logcom/GrecoMPTZ18,
  author    = {Giuseppe Greco and
               Minghui Ma and
               Alessandra Palmigiano and
               Apostolos Tzimoulis and
               Zhiguang Zhao},
  title     = {Unified correspondence as a proof-theoretic tool},
  journal   = {J. Log. Comput.},
  volume    = {28},
  number    = {7},
  pages     = {1367--1442},
  year      = {2018},
  url       = {https://doi.org/10.1093/logcom/exw022},
  doi       = {10.1093/logcom/exw022},
  timestamp = {Fri, 30 Nov 2018 13:21:02 +0100},
  biburl    = {https://dblp.org/rec/bib/journals/logcom/GrecoMPTZ18},
  bibsource = {dblp computer science bibliography, https://dblp.org}
}

@book{blackburn_rijke_venema_2001, 
place={Cambridge}, 
series={Cambridge Tracts in Theoretical Computer Science}, 
title={Modal Logic}, 
DOI={10.1017/CBO9781107050884}, 
publisher={Cambridge University Press}, 
author={Blackburn, Patrick and Rijke, Maarten de and Venema, Yde}, 
year={2001}, 
collection={Cambridge Tracts in Theoretical Computer Science}
}


@incollection{BlaVBe07,
  TITLE = {{Modal logic: a Semantic Perspective}},
  AUTHOR = {Blackburn, Patrick and Van Benthem, Johan},
  BOOKTITLE = {{Handbook of Modal Logic}},
  EDITOR = {Patrick Blackburn, Johan van Benthem, Frank Wolter},
  PUBLISHER = {{Elsevier}},
  PAGES = {1-82},
  YEAR = {2007},
}

@article{vonPlato,
author = "Jan von Plato",
title = "Natural deduction with general elimination rules",
journal = "Archive for Mathematical Logic",
year = "2001",
pages = "541--567",
doi = "10.1007/s001530100091",
}


@article{negri19,
author = "Sara Negri  and Jan von Plato",
title = "From mathematical axioms to mathematical rules of proof: recent developments in proof analysis",
journal = "Philosophical Transactions of the  Royal Society",
year = "2019",
doi = "10.1098/rsta.2018.0037",
}

@article{DBLP:journals/jar/NigamM10,
  author    = {Vivek Nigam and
               Dale Miller},
  title     = {A Framework for Proof Systems},
  journal   = {J. Autom. Reasoning},
  volume    = {45},
  number    = {2},
  pages     = {157--188},
  year      = {2010},
  doi       = {10.1007/s10817-010-9182-1},
  timestamp = {Mon, 13 Nov 2017 16:57:24 +0100},
  biburl    = {https://dblp.org/rec/bib/journals/jar/NigamM10},
  bibsource = {dblp computer science bibliography, https://dblp.org}
}
#  url       = {https://doi.org/10.1007/s10817-010-9182-1},

@Book{troelstra00book,
  author =       "Anne S. Troelstra and Helmut Schwichtenberg",
  title =        "Basic Proof Theory",
  publisher =    "Cambridge University Press",
  edition = "Second",
  year =         "2000",
}

@article{DBLP:journals/apal/Andreoli01,
  author    = {Jean{-}Marc Andreoli},
  title     = {Focussing and proof construction},
  journal   = {Ann. Pure Appl. Log.},
  volume    = {107},
  number    = {1-3},
  pages     = {131--163},
  year      = {2001},
  doi       = {10.1016/S0168-0072(00)00032-4},
  timestamp = {Fri, 21 Feb 2020 21:18:08 +0100},
  biburl    = {https://dblp.org/rec/journals/apal/Andreoli01.bib},
  bibsource = {dblp computer science bibliography, https://dblp.org}
}
#   url       = {https://doi.org/10.1016/S0168-0072(00)00032-4},

@article{andreoli92jlc,
  author    = {Jean{-}Marc Andreoli},
  title     = {Logic Programming with Focusing Proofs in Linear Logic},
  journal   = {J. Log. Comput.},
  volume    = {2},
  number    = {3},
  pages     = {297--347},
  year      = {1992},
  doi       = {10.1093/logcom/2.3.297},
} 
#  url       = {http://dx.doi.org/10.1093/logcom/2.3.297},

@Article{girard91mscs,
  author =       "Jean-Yves Girard",
  title =        "A new constructive logic: classical logic",
  journal =      "Math. Structures in Comp. Science",
  volume =       "1",
  year =         "1991",
  pages =        "255--296",
  doi =          "10.1017/S0960129500001328",
}

@Book{girard87book,
  author =       "Jean-Yves Girard",
  title =        "Proof Theory and Logical Complexity",
  year =         "1987",
  volume =       "I",
  series =       "Studies in Proof Theory",
  publisher =    "Bibliopolis, edizioni di filosofia e scienze",
  address =      "Napoli",
}

@article{DBLP:journals/tocl/CiabattoniG18,
  author    = {Agata Ciabattoni and
               Francesco A. Genco},
  title     = {Hypersequents and Systems of Rules: Embeddings and Applications},
  journal   = {{ACM} Trans. Comput. Log.},
  volume    = {19},
  number    = {2},
  pages     = {11:1--11:27},
  year      = {2018},
  doi       = {10.1145/3180075},
  timestamp = {Wed, 21 Nov 2018 12:44:28 +0100},
  biburl    = {https://dblp.org/rec/bib/journals/tocl/CiabattoniG18},
  bibsource = {dblp computer science bibliography, https://dblp.org}
}
#  url       = {https://doi.org/10.1145/3180075},

@inproceedings{DBLP:conf/lics/CiabattoniGT08,
  author    = {Agata Ciabattoni and
               Nikolaos Galatos and
               Kazushige Terui},
  title     = {From Axioms to Analytic Rules in Nonclassical Logics},
  booktitle = {Proceedings of the Twenty-Third Annual {IEEE} Symposium on Logic in
               Computer Science, {LICS} 2008, 24-27 June 2008, Pittsburgh, PA, {USA}},
  pages     = {229--240},
  year      = {2008},
  doi       = {10.1109/LICS.2008.39},
  timestamp = {Thu, 25 May 2017 00:42:40 +0200},
  biburl    = {http://dblp.org/rec/bib/conf/lics/CiabattoniGT08},
  bibsource = {dblp computer science bibliography, http://dblp.org}
}
#  url       = {https://doi.org/10.1109/LICS.2008.39},

@proceedings{CiaGalTer08,
  title     = {Proceedings of the Twenty-Third Annual {IEEE} Symposium on Logic in
               Computer Science, {LICS} 2008, 24-27 June 2008, Pittsburgh, PA, {USA}},
  publisher = {{IEEE} Computer Society},
  year      = {2008},
  url       = {http://ieeexplore.ieee.org/xpl/mostRecentIssue.jsp?punumber=4557886},
  isbn      = {978-0-7695-3183-0},
  timestamp = {Fri, 21 Nov 2014 14:08:57 +0100},
  biburl    = {http://dblp.org/rec/bib/conf/lics/2008},
  bibsource = {dblp computer science bibliography, http://dblp.org}
}

@proceedings{DBLP:conf/lpar/2015,
  editor    = {Martin Davis and
               Ansgar Fehnker and
               Annabelle McIver and
               Andrei Voronkov},
  title     = {Logic for Programming, Artificial Intelligence, and Reasoning - 20th
               International Conference, {LPAR-20} 2015, Suva, Fiji, November 24-28,
               2015, Proceedings},
  series    = {Lecture Notes in Computer Science},
  volume    = {9450},
  publisher = {Springer},
  year      = {2015},
  url       = {http://dx.doi.org/10.1007/978-3-662-48899-7},
  doi       = {10.1007/978-3-662-48899-7},
  isbn      = {978-3-662-48898-0},
  timestamp = {Wed, 02 Dec 2015 15:05:10 +0100},
  biburl    = {http://dblp.uni-trier.de/rec/bib/conf/lpar/2015},
  bibsource = {dblp computer science bibliography, http://dblp.org}
}

@inproceedings{DBLP:conf/lpar/Chaudhuri08,
  author    = {Kaustuv Chaudhuri},
  editor    = {Iliano Cervesato and
               Helmut Veith and
               Andrei Voronkov},
  title     = {Focusing Strategies in the Sequent Calculus of Synthetic Connectives},
  booktitle = {Logic for Programming, Artificial Intelligence, and Reasoning, 15th
               International Conference, {LPAR} 2008, Doha, Qatar, November 22-27,
               2008. Proceedings},
  series    = {Lecture Notes in Computer Science},
  volume    = {5330},
  pages     = {467--481},
  publisher = {Springer},
  year      = {2008},
  doi       = {10.1007/978-3-540-89439-1_33},
  timestamp = {Tue, 14 May 2019 10:00:55 +0200},
  biburl    = {https://dblp.org/rec/conf/lpar/Chaudhuri08.bib},
  bibsource = {dblp computer science bibliography, https://dblp.org}
}
#  url       = {https://doi.org/10.1007/978-3-540-89439-1\_33},

@inproceedings{DBLP:conf/rta/ChaudhuriMS16,
  author    = {Kaustuv Chaudhuri and
               Sonia Marin and
               Lutz Stra{\ss}burger},
  title     = {Modular Focused Proof Systems for Intuitionistic Modal Logics},
  booktitle = {1st International Conference on Formal Structures for Computation
               and Deduction, {FSCD} 2016, June 22-26, 2016, Porto, Portugal},
  pages     = {16:1--16:18},
  year      = {2016},
  crossref  = {DBLP:conf/rta/2016},
  url       = {https://doi.org/10.4230/LIPIcs.FSCD.2016.16},
  doi       = {10.4230/LIPIcs.FSCD.2016.16},
  timestamp = {Thu, 02 May 2019 17:40:18 +0200},
  biburl    = {https://dblp.org/rec/bib/conf/rta/ChaudhuriMS16},
  bibsource = {dblp computer science bibliography, https://dblp.org}
}

@proceedings{DBLP:conf/rta/2016,
  editor    = {Delia Kesner and
               Brigitte Pientka},
  title     = {1st International Conference on Formal Structures for Computation
               and Deduction, {FSCD} 2016, June 22-26, 2016, Porto, Portugal},
  series    = {LIPIcs},
  volume    = {52},
  publisher = {Schloss Dagstuhl - Leibniz-Zentrum fuer Informatik},
  year      = {2016},
  url       = {http://www.dagstuhl.de/dagpub/978-3-95977-010-1},
  isbn      = {978-3-95977-010-1},
  timestamp = {Thu, 02 May 2019 17:40:18 +0200},
  biburl    = {https://dblp.org/rec/bib/conf/rta/2016},
  bibsource = {dblp computer science bibliography, https://dblp.org}
}


@inproceedings{MarMilVol16,
  author    = {Sonia Marin and Dale Miller and
               Marco Volpe},
  title     = {A focused framework for emulating modal proof systems},
  booktitle = {Proceedings of the 11th International Conference on Advances in Modal Logic,
  Budapest, 30 August - 2 September 2016},
  year      = {2016},
  note      = {To appear}
}


@inproceedings{MilVol15,
  author    = {Dale Miller and
               Marco Volpe},
  title     = {Focused Labeled Proof Systems for Modal Logic},
  booktitle = {Logic for Programming, Artificial Intelligence, and Reasoning - 20th
               International Conference, {LPAR-20} 2015, Suva, Fiji, November 24-28,
               2015, Proceedings},
  pages     = {266--280},
  year      = {2015},
  doi       = {10.1007/978-3-662-48899-7_19},
  timestamp = {Wed, 02 Dec 2015 15:09:37 +0100},
  biburl    = {http://dblp.uni-trier.de/rec/bib/conf/lpar/MillerV15},
  bibsource = {dblp computer science bibliography, http://dblp.org}
}
#  url       = {http://dx.doi.org/10.1007/978-3-662-48899-7_19},


@inproceedings{SteSto04,
  author    = {Charles Stewart and
               Phiniki Stouppa},
  title     = {A Systematic Proof Theory for Several Modal Logics},
  booktitle = {5th Conference on "Advances in Modal logic," Manchester {(UK)}, September 2004},
  pages     = {309--333},
  year      = {2004},
  crossref  = {DBLP:conf/aiml/2004},
  timestamp = {Fri, 10 Mar 2006 15:49:18 +0100},
  biburl    = {http://dblp.uni-trier.de/rec/bib/conf/aiml/StewartS04},
  bibsource = {dblp computer science bibliography, http://dblp.org}
}

@proceedings{DBLP:conf/aiml/2004,
  editor    = {Renate A. Schmidt and
               Ian Pratt{-}Hartmann and
               Mark Reynolds and
               Heinrich Wansing},
  title     = {5th Conference on "Advances in Modal logic," Manchester {(UK)}, September 2004},
  publisher = {King's College Publications},
  year      = {2005},
  isbn      = {1-904987-22-2},
  timestamp = {Fri, 10 Mar 2006 15:49:18 +0100},
  biburl    = {http://dblp.uni-trier.de/rec/bib/conf/aiml/2004},
  bibsource = {dblp computer science bibliography, http://dblp.org}
}


@incollection{Fit07,
  TITLE = {{Modal proof theory}},
  AUTHOR = {Fitting, Melvin},
  BOOKTITLE = {{Handbook of Modal Logic}},
  EDITOR = {Patrick Blackburn and Johan van Benthem and Frank Wolter},
  PUBLISHER = {{Elsevier}},
  PAGES = {85-138},
  YEAR = {2007},
}

@book{Gab96,
	Author = {Dov M. Gabbay},
	Publisher = {Clarendon Press},
	Title = {Labelled Deductive Systems},
	Year = {1996}}

@book{Ind10,
	Author = {Andrzej Indrzejczak},
	Publisher = {Springer},
	Title = {Natural Deduction, Hybrid Systems and Modal Logics},
	Year = {2010}
}

@InProceedings{liang07csl,
  author =       "Chuck Liang and Dale Miller",
  title =        "Focusing and Polarization in Intuitionistic Logic",
  booktitle =    csl07,
  editor =       "J. Duparc and T. A. Henzinger",
  volume =       "4646",
  series =       lncs,
  publisher =    pub-sv,
  pages =        "451--465",
  keywords =     "mobius, wp4",
  year =         "2007",
  lixcategorie = "CIA",
  lixequipe =    "Parsifal",
}
#  URL =          "http://www.lix.polytechnique.fr/Labo/Dale.Miller/papers/csl07liang.pdf",
                  
@article{LiaMil09,
  author    = {Chuck Liang and
               Dale Miller},
  title     = {Focusing and polarization in linear, intuitionistic, and classical
               logics},
  journal   = {Theor. Comput. Sci.},
  volume    = {410},
  number    = {46},
  pages     = {4747--4768},
  year      = {2009},
  doi       = {10.1016/j.tcs.2009.07.041},
  timestamp = {Tue, 29 Dec 2009 15:12:26 +0100},
  biburl    = {http://dblp.uni-trier.de/rec/bib/journals/tcs/LiangM09},
  bibsource = {dblp computer science bibliography, http://dblp.org}
}
#   url       = {http://dx.doi.org/10.1016/j.tcs.2009.07.041},

@article{Neg03,
  author    = {Sara Negri},
  title     = {Contraction-free sequent calculi for geometric theories with an application
               to {B}arr's theorem},
  journal   = {Arch. Math. Log.},
  volume    = {42},
  number    = {4},
  pages     = {389--401},
  year      = {2003},
  doi       = {10.1007/s001530100124},
  timestamp = {Mon, 25 Oct 2004 12:49:22 +0200},
  biburl    = {http://dblp.uni-trier.de/rec/bib/journals/aml/Negri03},
  bibsource = {dblp computer science bibliography, http://dblp.org}
}
#  url       = {http://dx.doi.org/10.1007/s001530100124},

@article{Neg05,
  author    = {Sara Negri},
  title     = {Proof Analysis in Modal Logic},
  journal   = {J. Philosophical Logic},
  volume    = {34},
  number    = {5-6},
  pages     = {507--544},
  year      = {2005},
  doi       = {10.1007/s10992-005-2267-3},
  timestamp = {Thu, 10 May 2012 13:14:15 +0200},
  biburl    = {http://dblp.uni-trier.de/rec/bib/journals/jphil/Negri05},
  bibsource = {dblp computer science bibliography, http://dblp.org}
}
#   url       = {http://dx.doi.org/10.1007/s10992-005-2267-3},

@article{gentzen-set,
author = {Gerard Gentzen}, 
title = {Neue {F}assung des
{W}iderspruchsfreiheitsbeweises f\"{u}r die reine {Z}ahlentheorie},
journal = {Forschungen zur {L}ogik und zur {G}rundlegung der exakten {W}issenschaften}, 
series = {New series}, 
volume = {4}, 
year = {1938},
pages =  {19--44},
} 

@article{gentzen-Mathematische,
author = {Gerard Gentzen}, 
title = {Untersuchungen \"{u}ber das logische {S}chliessen},
journal = {Mathematische Zeitschrift},
volume = {39}, 
pages = {176--210},
year =  {1935},
doi = {https://doi.org/10.1007/BF01201353},
}

@article{NegVPl98,
  author    = {Sara Negri and
               Jan von Plato},
  title     = {Cut elimination in the presence of axioms},
  journal   = {Bulletin of Symbolic Logic},
  volume    = {4},
  number    = {4},
  pages     = {418--435},
  year      = {1998},
  timestamp = {Fri, 31 Mar 2006 14:53:24 +0200},
  biburl    = {http://dblp.uni-trier.de/rec/bib/journals/bsl/NegriP98},
  bibsource = {dblp computer science bibliography, http://dblp.org}
}
#   url       = {http://www.math.ucla.edu/~asl/bsl/0404/0404-003.ps},

@book{NegVPl14,
  author    = {Sara Negri and
               Jan von Plato},
  title     = {Proof Analysis - a contribution to {H}ilbert's last problem},
  publisher = {Cambridge University Press},
  year      = {2011},
  DOI = {10.1017/CBO9781139003513},
  isbn      = {9781139003513},
}
                  
%  url       = {http://www.cambridge.org/de/academic/subjects/philosophy/logic/proof-analysis-contribution-hilberts-last-problem?format=PB},

@inproceedings{DBLP:conf/rta/DowekW05,
  author    = {Gilles Dowek and
               Benjamin Werner},
  editor    = {J{\"{u}}rgen Giesl},
  title     = {Arithmetic as a Theory Modulo},
  booktitle = {Term Rewriting and Applications, 16th International Conference, {RTA}
               2005, Nara, Japan, April 19-21, 2005, Proceedings},
  series    = {Lecture Notes in Computer Science},
  volume    = {3467},
  pages     = {423--437},
  publisher = {Springer},
  year      = {2005},
  url       = {https://doi.org/10.1007/978-3-540-32033-3\_31},
  doi       = {10.1007/978-3-540-32033-3\_31},
  timestamp = {Wed, 25 Sep 2019 18:23:35 +0200},
  biburl    = {https://dblp.org/rec/conf/rta/DowekW05.bib},
  bibsource = {dblp computer science bibliography, https://dblp.org}
}

@article{DBLP:journals/jsyml/Dyckhoff92,
  author       = {Roy Dyckhoff},
  title        = {Contraction-Free Sequent Calculi for Intuitionistic Logic},
  journal      = {J. Symb. Log.},
  volume       = {57},
  number       = {3},
  pages        = {795--807},
  year         = {1992},
  url          = {https://doi.org/10.2307/2275431},
  doi          = {10.2307/2275431},
  timestamp    = {Sun, 28 May 2017 13:21:54 +0200},
  biburl       = {https://dblp.org/rec/journals/jsyml/Dyckhoff92.bib},
  bibsource    = {dblp computer science bibliography, https://dblp.org}
}

@article{10.2307/24327109,
 ISSN = {10798986},
 author = {Roy Dyckhoff and Sara Negri},
 journal = {The Bulletin of Symbolic Logic},
 number = {2},
 pages = {123--163},
 publisher = {[Association for Symbolic Logic, Cambridge University Press]},
 title = {Geometrisation of First-order Logic},
 volume = {21},
 year = {2015}
}
#  URL = {http://www.jstor.org/stable/24327109},

@article{Neg16,
  author    = {Sara Negri},
  title     = {Proof analysis beyond geometric theories: from rule systems to systems
               of rules},
  journal   = {J. Log. Comput.},
  volume    = {26},
  number    = {2},
  pages     = {513--537},
  year      = {2016},
  doi       = {10.1093/logcom/exu037},
  timestamp = {Tue, 10 May 2016 17:03:40 +0200},
  biburl    = {http://dblp.uni-trier.de/rec/bib/journals/logcom/Negri16},
  bibsource = {dblp computer science bibliography, http://dblp.org}
}
#  url       = {http://dx.doi.org/10.1093/logcom/exu037},

@book{Pog11,
	Author = {Francesca Poggiolesi},
	Publisher = {Springer},
	Title = {Gentzen Calculi for Modal Propositional Logic},
	Year = {2011}}

@inproceedings{Sah75,
  author    = {Henrik Sahlqvist},
  title     = {Completeness and correspondence in first and second order semantics for modal logic},
  booktitle = {Proceedings of the Third Scandinavian Logic Symposium},
  year      = {1975},
  pages     = {110-143},
  editor = {S. Kanger, North Holland}
}


@phdthesis{Sim94,
  Author = {Alex K. Simpson},
  Title = {The Proof Theory and Semantics of Intuitionistic Modal Logic},
  School = {College of Science and Engineering, School of Informatics, University of Edinburgh},
  Year = {1994}
}

@book{Vig00,
	Author = {Luca Vigan\`o},
	Publisher = {Kluwer Academic Publishers},
	Title = {Labelled Non-Classical Logics},
	Year = {2000}}



@proceedings{DBLP:conf/aiml/2012,
  editor    = {Thomas Bolander and
               Torben Bra{\"{u}}ner and
               Silvio Ghilardi and
               Lawrence S. Moss},
  title     = {Advances in Modal Logic 9, papers from the ninth conference on "Advances
               in Modal Logic," held in Copenhagen, Denmark, 22-25 August 2012},
  publisher = {College Publications},
  year      = {2012},
  isbn      = {978-1-84890-068-4},
  timestamp = {Thu, 14 Feb 2013 19:44:58 +0100},
  biburl    = {http://dblp.uni-trier.de/rec/bib/conf/aiml/2012},
  bibsource = {dblp computer science bibliography, http://dblp.org}
}

@inproceedings{DBLP:conf/cade/Ramanayake16a,
  author    = {Revantha Ramanayake},
  editor    = {Christoph Benzm{\"{u}}ller and
               Jens Otten},
  title     = {From Axioms to Proof Rules, then add Quantifiers},
  booktitle = {Proceedings of the 2nd International Workshop Automated Reasoning
               in Quantified Non-Classical Logics {(ARQNL} 2016) affiliated with
               the International Joint Conference on Automated Reasoning {(IJCAR}
               2016)., Coimbra, Portugal, July 1, 2016},
  series    = {{CEUR} Workshop Proceedings},
  volume    = {1770},
  pages     = {1--8},
  publisher = {CEUR-WS.org},
  year      = {2016},
  timestamp = {Wed, 12 Feb 2020 16:45:03 +0100},
  biburl    = {https://dblp.org/rec/conf/cade/Ramanayake16a.bib},
  bibsource = {dblp computer science bibliography, https://dblp.org}
}
#   url       = {http://ceur-ws.org/Vol-1770/ARQNL2016_invited1.pdf},

@inproceedings{GorRam12,
  author    = {Rajeev Gor{\'{e}} and
               Revantha Ramanayake},
  title     = {Labelled Tree Sequents, Tree Hypersequents and Nested (Deep) Sequents},
  booktitle = {Advances in Modal Logic 9, papers from the ninth conference on "Advances
               in Modal Logic," held in Copenhagen, Denmark, 22-25 August 2012},
  pages     = {279--299},
  year      = {2012},
  crossref  = {DBLP:conf/aiml/2012},
  timestamp = {Thu, 14 Feb 2013 19:44:58 +0100},
  biburl    = {http://dblp.uni-trier.de/rec/bib/conf/aiml/GoreR12},
  bibsource = {dblp computer science bibliography, http://dblp.org}
}

@proceedings{DBLP:conf/tableaux/2015,
  editor    = {Hans De Nivelle},
  title     = {Automated Reasoning with Analytic Tableaux and Related Methods - 24th
               International Conference, {TABLEAUX} 2015, Wroc{\l}aw, Poland, September
               21-24, 2015. Proceedings},
  series    = {Lecture Notes in Computer Science},
  volume    = {9323},
  publisher = {Springer},
  year      = {2015},
  isbn      = {978-3-319-24311-5},
  timestamp = {Fri, 11 Sep 2015 13:12:15 +0200},
  biburl    = {http://dblp.uni-trier.de/rec/bib/conf/tableaux/2015},
  bibsource = {dblp computer science bibliography, http://dblp.org}
}

@inproceedings{Lel15,
  author    = {Bj{\"{o}}rn Lellmann},
  title     = {Linear Nested Sequents, 2-Sequents and Hypersequents},
  booktitle = {Automated Reasoning with Analytic Tableaux and Related Methods - 24th
               International Conference, {TABLEAUX} 2015, Wroc{\l}aw, Poland, September
               21-24, 2015. Proceedings},
  pages     = {135--150},
  year      = {2015},
  crossref  = {DBLP:conf/tableaux/2015},
  timestamp = {Fri, 11 Sep 2015 13:13:31 +0200},
  biburl    = {http://dblp.uni-trier.de/rec/bib/conf/tableaux/Lellmann15},
  bibsource = {dblp computer science bibliography, http://dblp.org}
}

@book {Fit83,
    AUTHOR = {Fitting, Melvin},
     TITLE = {Proof methods for modal and intuitionistic logics},
    SERIES = {Synthese Library},
    VOLUME = {169},
 PUBLISHER = {D. Reidel Publishing Co.},
   ADDRESS = {Dordrecht},
      YEAR = {1983},
      ISBN = {90-277-1573-4},
   MRCLASS = {03B45 (03-01 03B55 03Fxx)},
  MRNUMBER = {MR703151 (84j:03036)},
MRREVIEWER = {Charles F. Kielkopf},
}


@incollection{Gor99,
  title = {Tableau methods for modal and temporal logics},
  author ={Rajeev Gor\'e},
  editor = {M. D'Agostino and D. Gabbay and R. Hahnle and J.Posegga},
  publisher = {Kluwer Academic Publishers},
  booktitle = {Handbook of Tableau Methods},
  year = {1999},
  pages = {297--396},
}

@article{Mas92,
  author    = {Andrea Masini},
  title     = {2-Sequent Calculus: {A} Proof Theory of Modalities},
  journal   = {Ann. Pure Appl. Logic},
  volume    = {58},
  number    = {3},
  pages     = {229--246},
  year      = {1992},
  timestamp = {Fri, 01 Jul 2011 13:42:03 +0200},
  biburl    = {http://dblp.uni-trier.de/rec/bib/journals/apal/Masini92},
  bibsource = {dblp computer science bibliography, http://dblp.org}
}

@INPROCEEDINGS{Avr94,
    author = {Arnon Avron},
    title = {The Method of Hypersequents in the Proof Theory of Propositional Non-Classical Logics},
    booktitle = {Logic: From Foundations to Applications, European Logic Colloquium},
    year = {1994},
    pages = {1--32},
    publisher = {Oxford University Press}
}

@proceedings{DBLP:conf/lics/2013,
  title     = {28th Annual {ACM/IEEE} Symposium on Logic in Computer Science, {LICS}
               2013, New Orleans, LA, USA, June 25-28, 2013},
  publisher = {{IEEE} Computer Society},
  year      = {2013},
  url       = {http://ieeexplore.ieee.org/xpl/mostRecentIssue.jsp?punumber=6570844},
  isbn      = {978-1-4799-0413-6},
  timestamp = {Wed, 27 May 2015 19:02:35 +0200},
  biburl    = {http://dblp.uni-trier.de/rec/bib/conf/lics/2013},
  bibsource = {dblp computer science bibliography, http://dblp.org}
}

@inproceedings{Lah13,
  author    = {Ori Lahav},
  title     = {From Frame Properties to Hypersequent Rules in Modal Logics},
  booktitle = {28th Annual {ACM/IEEE} Symposium on Logic in Computer Science, {LICS}
               2013, New Orleans, LA, USA, June 25-28, 2013},
  pages     = {408--417},
  year      = {2013},
  crossref  = {DBLP:conf/lics/2013},
  timestamp = {Wed, 27 May 2015 19:02:35 +0200},
  biburl    = {http://dblp.uni-trier.de/rec/bib/conf/lics/Lahav13},
  bibsource = {dblp computer science bibliography, http://dblp.org}
}

@article{Kas94,
	author    = {Ryo Kashima},
	title     = {Cut-free sequent calculi for some tense logics},
	journal   = {Studia Logica},
	volume    = {53},
	number    = {1},
	year      = {1994},
	pages     = {119--136},
}

@article{Bru09,
	title = "Deep Sequent Systems for Modal Logic",
	journal = "Archive for Mathematical Logic",
	volume = "48",
	number = "6",
	pages = "551--577",
	year = "2009",
	author = "Kai Br{\"u}nnler",
}

@inproceedings{DBLP:conf/lpar/BrunnlerT01,
  author       = {Kai Br{\"{u}}nnler and
                  Alwen Fernanto Tiu},
  editor       = {Robert Nieuwenhuis and
                  Andrei Voronkov},
  title        = {A Local System for Classical Logic},
  booktitle    = {Logic for Programming, Artificial Intelligence, and Reasoning, 8th
                  International Conference, {LPAR} 2001, Havana, Cuba, December 3-7,
                  2001, Proceedings},
  series       = {Lecture Notes in Computer Science},
  volume       = {2250},
  pages        = {347--361},
  publisher    = {Springer},
  year         = {2001},
  url          = {https://doi.org/10.1007/3-540-45653-8\_24},
  doi          = {10.1007/3-540-45653-8\_24},
  timestamp    = {Sun, 02 Oct 2022 16:11:18 +0200},
  biburl       = {https://dblp.org/rec/conf/lpar/BrunnlerT01.bib},
  bibsource    = {dblp computer science bibliography, https://dblp.org}
}

@InProceedings{Cha16,
	author =       "Kaustuv Chaudhuri and Sonia Marin and Lutz
	Stra{\ss}burger",
	title =        "Focused and Synthetic Nested Sequents",
	booktitle =    "FoSSaCS",
	year =         "2016",
	editor =       "Bart Jacobs and Christof L{\"o}ding",
        pages =        "390-407",
}

  
  @article{Fit12,
    author    = {Melvin Fitting},
    title     = {Prefixed tableaus and nested sequents},
    journal   = {Ann. Pure Appl. Logic},
    volume    = {163},
    number    = {3},
    pages     = {291--313},
    year      = {2012},
    url       = {http://dx.doi.org/10.1016/j.apal.2011.09.004},
    doi       = {10.1016/j.apal.2011.09.004},
    timestamp = {Tue, 03 Jan 2012 14:07:40 +0100},
    biburl    = {http://dblp.uni-trier.de/rec/bib/journals/apal/Fitting12},
    bibsource = {dblp computer science bibliography, http://dblp.org}
  }

@incollection{ChihaniLR15,
  author    = {Zakaria Chihani and
               Tomer Libal and
               Giselle Reis},
  title     = {The Proof Certifier Checkers},
  booktitle = {Automated Reasoning with Analytic Tableaux and Related Methods - 24th
               International Conference, {TABLEAUX} 2015, Wroc{\l}aw, Poland, September
               21-24, 2015. Proceedings},
  pages     = {201--210},
  year      = {2015},
  crossref  = {DBLP:conf/tableaux/2015},
  url       = {http://dx.doi.org/10.1007/978-3-319-24312-2_14},
  doi       = {10.1007/978-3-319-24312-2\_14},
  timestamp = {Thu, 16 Jun 2016 15:16:45 +0200},
  biburl    = {http://dblp.uni-trier.de/rec/bib/conf/tableaux/ChihaniLR15},
  bibsource = {dblp computer science bibliography, http://dblp.org}
}
@proceedings{DBLP:conf/tableaux/2015,
  editor    = {Hans de Nivelle},
  title     = {Automated Reasoning with Analytic Tableaux and Related Methods - 24th
               International Conference, {TABLEAUX} 2015, Wroc{\l}aw, Poland, September
               21-24, 2015. Proceedings},
  series    = {Lecture Notes in Computer Science},
  volume    = {9323},
  publisher = {Springer},
  year      = {2015},
  url       = {http://dx.doi.org/10.1007/978-3-319-24312-2},
  doi       = {10.1007/978-3-319-24312-2},
  isbn      = {978-3-319-24311-5},
  timestamp = {Thu, 16 Jun 2016 15:16:45 +0200},
  biburl    = {http://dblp.uni-trier.de/rec/bib/conf/tableaux/2015},
  bibsource = {dblp computer science bibliography, http://dblp.org}
}


@inproceedings{MillerV15,
    author    = {Dale Miller and
                     Marco Volpe},
      title     = {Focused Labeled Proof Systems for Modal Logic},
        booktitle = {Logic for Programming, Artificial Intelligence, and Reasoning - 20th
                         International Conference, {LPAR-20} 2015, Suva, Fiji, November 24-28,
                                        2015, Proceedings},
          pages     = {266--280},
            year      = {2015}
}

@Unpublished{francesca,
  author =       "Francesca Poggiolesi",
  title =        "Explanations in mathematics: an analysis via formal proofs and conceptual complexity",
  note =         "Draft",
  year =         "2016"
}

@article{Poggiolesi2023,
  author    = {Francesca Poggiolesi and Francesco Genco},
  title     = {Conceptual (and Hence Mathematical) Explanation, Conceptual Grounding and Proof},
  journal   = {Erkenntnis},
  volume    = {88},
  number    = {4},
  pages     = {1481--1507},
  year      = {2023},
  url       = {https://doi.org/10.1007/s10670-021-00412-x},
  doi       = {10.1007/s10670-021-00412-x},
}

@Unpublished{erc,
  author =       "Dale Miller",
  title =        "ProofCert: Broad Spectrum Proof Certificates",
  note =         "An ERC Advanced Grant funded for the five years
                 2012-2016",
  month =        feb,
  year =         "2011"
}

@article{fitting1972tableau,
  author    = {Melvin Fitting},
  title     = {Tableau methods of proof for modal logics},
  journal   = {Notre Dame Journal of Formal Logic},
  volume    = {13},
  number    = {2},
  pages     = {237--247},
  year      = {1972},
  url       = {http://dx.doi.org/10.1305/ndjfl/1093894722},
  doi       = {10.1305/ndjfl/1093894722},
  timestamp = {Fri, 08 Aug 2014 15:30:49 +0200},
  biburl    = {http://dblp.uni-trier.de/rec/bib/journals/ndjfl/Fitting72},
  bibsource = {dblp computer science bibliography, http://dblp.org}
}

@inproceedings{Ohlbach1988,
  author    = {Hans J{\"{u}}rgen Ohlbach},
  title     = {A Resolution Calculus for Modal Logics},
  booktitle = {9th International Conference on Automated Deduction, Argonne, Illinois,
               USA, May 23-26, 1988, Proceedings},
  pages     = {500--516},
  year      = {1988},
  crossref  = {DBLP:conf/cade/1988},
  url       = {http://dx.doi.org/10.1007/BFb0012852},
  doi       = {10.1007/BFb0012852},
  timestamp = {Mon, 12 Oct 2009 12:48:51 +0200},
  biburl    = {http://dblp.uni-trier.de/rec/bib/conf/cade/Ohlbach88},
  bibsource = {dblp computer science bibliography, http://dblp.org}
}
@proceedings{DBLP:conf/cade/1988,
  editor    = {Ewing L. Lusk and
               Ross A. Overbeek},
  title     = {9th International Conference on Automated Deduction, Argonne, Illinois,
               USA, May 23-26, 1988, Proceedings},
  series    = {Lecture Notes in Computer Science},
  volume    = {310},
  publisher = {Springer},
  year      = {1988},
  isbn      = {3-540-19343-X},
  timestamp = {Tue, 05 Feb 2002 13:48:18 +0100},
  biburl    = {http://dblp.uni-trier.de/rec/bib/conf/cade/1988},
  bibsource = {dblp computer science bibliography, http://dblp.org}
}

@article{andreoli1992logic,
  author    = {Jean{-}Marc Andreoli},
  title     = {Logic Programming with Focusing Proofs in Linear Logic},
  journal   = {J. Log. Comput.},
  volume    = {2},
  number    = {3},
  pages     = {297--347},
  year      = {1992},
  url       = {http://dx.doi.org/10.1093/logcom/2.3.297},
  doi       = {10.1093/logcom/2.3.297},
  timestamp = {Wed, 29 Jun 2011 15:52:24 +0200},
  biburl    = {http://dblp.uni-trier.de/rec/bib/journals/logcom/Andreoli92},
  bibsource = {dblp computer science bibliography, http://dblp.org}
}


@inproceedings{boespflug2012lambdapi,
    title={The $\lambda$$\Pi$-calculus modulo as a universal proof language},
      author={Boespflug, Mathieu and Carbonneaux, Quentin and Hermant, Olivier},
        booktitle={the Second International Workshop on Proof Exchange for Theorem Proving (PxTP 2012)},
          volume={878},
            pages={pp--28},
              year={2012}
}

@inproceedings{cauderlier2015checking,
  author    = {Rapha{\"{e}}l Cauderlier and
               Pierre Halmagrand},
  title     = {Checking Zenon Modulo Proofs in Dedukti},
  booktitle = {Proceedings Fourth Workshop on Proof eXchange for Theorem Proving,
               PxTP 2015, Berlin, Germany, August 2-3, 2015.},
  pages     = {57--73},
  year      = {2015},
  crossref  = {DBLP:journals/corr/KaliszykP15},
  url       = {http://dx.doi.org/10.4204/EPTCS.186.7},
  doi       = {10.4204/EPTCS.186.7},
  timestamp = {Thu, 03 Sep 2015 11:46:50 +0200},
  biburl    = {http://dblp.uni-trier.de/rec/bib/journals/corr/CauderlierH15},
  bibsource = {dblp computer science bibliography, http://dblp.org}
}

@proceedings{DBLP:journals/corr/KaliszykP15,
  editor    = {Cezary Kaliszyk and
               Andrei Paskevich},
  title     = {Proceedings Fourth Workshop on Proof eXchange for Theorem Proving,
               PxTP 2015, Berlin, Germany, August 2-3, 2015},
  series    = {{EPTCS}},
  volume    = {186},
  year      = {2015},
  url       = {http://dx.doi.org/10.4204/EPTCS.186},
  doi       = {10.4204/EPTCS.186},
  timestamp = {Thu, 03 Sep 2015 11:46:50 +0200},
  biburl    = {http://dblp.uni-trier.de/rec/bib/journals/corr/KaliszykP15},
  bibsource = {dblp computer science bibliography, http://dblp.org}
}


@article{balsiger2000benchmark,
  author    = {Peter Balsiger and
               Alain Heuerding and
               Stefan Schwendimann},
  title     = {A Benchmark Method for the Propositional Modal Logics K, KT, {S4}},
  journal   = {J. Autom. Reasoning},
  volume    = {24},
  number    = {3},
  pages     = {297--317},
  year      = {2000},
  url       = {http://dx.doi.org/10.1023/A:1006249507577},
  doi       = {10.1023/A:1006249507577},
  timestamp = {Thu, 19 May 2011 15:52:38 +0200},
  biburl    = {http://dblp.uni-trier.de/rec/bib/journals/jar/BalsigerHS00},
  bibsource = {dblp computer science bibliography, http://dblp.org}
}

@article{Beckert97a,
  author    = {Bernhard Beckert and
               Rajeev Gor{\'{e}}},
  title     = {Free-Variable Tableaux for Propositional Modal Logics},
  journal   = {Studia Logica},
  volume    = {69},
  number    = {1},
  pages     = {59--96},
  year      = {2001},
  url       = {http://dx.doi.org/10.1023/A:1013886427723},
  doi       = {10.1023/A:1013886427723},
  timestamp = {Fri, 03 Jun 2011 16:04:17 +0200},
  biburl    = {http://dblp.uni-trier.de/rec/bib/journals/sLogica/BeckertG01},
  bibsource = {dblp computer science bibliography, http://dblp.org}
}

@article{Robinson1965,
  author    = {John Alan Robinson},
  title     = {A Machine-Oriented Logic Based on the Resolution Principle},
  journal   = {J. {ACM}},
  volume    = {12},
  number    = {1},
  pages     = {23--41},
  year      = {1965},
  url       = {http://doi.acm.org/10.1145/321250.321253},
  doi       = {10.1145/321250.321253},
  timestamp = {Thu, 26 Jan 2012 17:31:32 +0100},
  biburl    = {http://dblp.uni-trier.de/rec/bib/journals/jacm/Robinson65},
  bibsource = {dblp computer science bibliography, http://dblp.org}
}


@article{BaazL92,
  author    = {Matthias Baaz and
               Alexander Leitsch},
  title     = {Complexity of Resolution Proofs and Function Introduction},
  journal   = {Ann. Pure Appl. Logic},
  volume    = {57},
  number    = {3},
  pages     = {181--215},
  year      = {1992},
  url       = {http://dx.doi.org/10.1016/0168-0072(92)90042-X},
  doi       = {10.1016/0168-0072(92)90042-X},
  timestamp = {Fri, 01 Jul 2011 13:42:02 +0200},
  biburl    = {http://dblp.uni-trier.de/rec/bib/journals/apal/BaazL92},
  bibsource = {dblp computer science bibliography, http://dblp.org}
}

@inproceedings{reeves1987semantic,
 author = {Reeves, Steve},
 title = {Semantic Tableaux As a Framework for Automated Theorem-proving},
 booktitle = {On Advances in Artificial Intelligence},
 year = {1987},
 isbn = {0-471-91549-1},
 location = {University of Edinburgh},
 pages = {125--139},
 numpages = {15},
 url = {http://dl.acm.org/citation.cfm?id=29992.30001},
 acmid = {30001},
 publisher = {John Wiley \& Sons, Inc.},
 address = {New York, NY, USA},
} 

@InProceedings{chihani15tableaux,
  author =       "Zakaria Chihani and Tomer Libal and Giselle Reis",
  title =        "The proof certifier {Checkers}",
  year =         "2015",
  pages =        "201--210",
  booktitle =    "Proceedings of the 24th Automated Reasoning with
                 Analytic Tableaux and Related Methods (TABLEAUX)",
  series =       lncs,
  number =       "9323",
  editor =       "Hans De Nivelle",
  publisher =    "Springer",
  doi =          "10.1007/978-3-319-24312-2_14",
}


@InProceedings{miller11cpp,
  author =       "Dale Miller",
  title =        "A proposal for broad spectrum proof certificates",
  booktitle =    "CPP: First International Conference on Certified
                 Programs and Proofs",
  year =         "2011",
  editor =       "J.-P. Jouannaud and Z. Shao",
  series =       lncs,
  volume =       "7086",
  pages =        "54--69",
  doi =          "10.1007/978-3-642-25379-9\_6",
  URL =          "http://www.lix.polytechnique.fr/Labo/Dale.Miller/papers/cpp11.pdf",
}


@Book{miller12proghol,
  author =       "Dale Miller and Gopalan Nadathur",
  title =        "Programming with Higher-Order Logic",
  publisher =    "Cambridge University Press",
  year =         "2012",
  month =        jun,
  doi =          "10.1017/CBO9781139021326",
}

@InProceedings{chihani13cade,
  author =       "Zakaria Chihani and Dale Miller and Fabien Renaud",
  title =        "Foundational proof certificates in first-order logic",
  booktitle =    "CADE 24: Conference on Automated Deduction 2013",
  year =         "2013",
  editor =       "Maria Paola Bonacina",
  series =       lnai,
  number =       "7898",
  pages =        "162--177",
  doi =          "10.1007/978-3-642-38574-2\_11",
}

@Article{gore11lmcs,
  author =       "Rajeev Gor{\'{e}} and Linda Postniece and Alwen Tiu",
  title =        "On the Correspondence between Display Postulates and
                 Deep Inference in Nested Sequent Calculi for Tense
                 Logics",
  journal =      "Logical Methods in Computer Science",
  volume =       "7",
  number =       "2",
  year =         "2011",
  URL =          "https://doi.org/10.2168/LMCS-7(2:8)2011",
  doi =          "10.2168/LMCS-7(2:8)2011",
}

@Article{negri99aml,
  title =        "Sequent calculus proof theory of intuitionistic
                 apartness and order relations",
  author =       "Sara Negri",
  journal =      "Arch. Math. Log",
  year =         "1999",
  number =       "8",
  volume =       "38",
  pages =        "521--547",
}

@InProceedings{dyckhoff06cie,
  author =       "R. Dyckhoff and S. Lengrand",
  title =        "{LJQ}: a strongly focused calculus for intuitionistic
                 logic",
  booktitle =    "Computability in Europe 2006",
  pages =        "173--185",
  year =         "2006",
  editor =       "A. Beckmann and \emph{et al.}",
  volume =       "3988",
  series =       lncs,
  publisher =    "Springer",
}

@article{lellmann19tocl,
  title =	 {Modularisation of sequent calculi for normal and
                  non-normal modalities},
  author =	 {Bj{\"o}rn Lellmann and Elaine Pimentel},
  journal =	 {ACM Transactions on Computational Logic (TOCL)},
  volume =	 20,
  number =	 2,
  pages =	 7,
  year =	 2019,
  publisher =	 {ACM}
}

@article{DBLP:journals/logcom/DyckhoffL07,
  author       = {Roy Dyckhoff and
                  St{\'{e}}phane Lengrand},
  title        = {Call-by-Value lambda-calculus and {LJQ}},
  journal      = {J. Log. Comput.},
  volume       = {17},
  number       = {6},
  pages        = {1109--1134},
  year         = {2007},
  url          = {https://doi.org/10.1093/logcom/exm037},
  doi          = {10.1093/LOGCOM/EXM037},
  timestamp    = {Wed, 17 May 2017 14:25:55 +0200},
  biburl       = {https://dblp.org/rec/journals/logcom/DyckhoffL07.bib},
  bibsource    = {dblp computer science bibliography, https://dblp.org}
}

@article{DBLP:journals/tcs/Girard87,
  author       = {Jean{-}Yves Girard},
  title        = {Linear Logic},
  journal      = {Theor. Comput. Sci.},
  volume       = {50},
  pages        = {1--102},
  year         = {1987},
  url          = {https://doi.org/10.1016/0304-3975(87)90045-4},
  doi          = {10.1016/0304-3975(87)90045-4},
  timestamp    = {Wed, 17 Feb 2021 22:00:41 +0100},
  biburl       = {https://dblp.org/rec/journals/tcs/Girard87.bib},
  bibsource    = {dblp computer science bibliography, https://dblp.org}
}
                  
@InCollection{danos93wll,
  title =        "{LKT} and {LKQ}: sequent calculi for second order
                 logic based upon dual linear decompositions of
                 classical implication",
  author =       "V. Danos and J.-B. Joinet and H. Schellinx",
  booktitle =    "Advances in Linear Logic",
  year =         "1995",
  editor =       "J.-Y. Girard and Y. Lafont and L. Regnier",
  pages =        "211--224",
  publisher =    "Cambridge University Press",
  number =       "222",
  series =       "London Mathematical Society Lecture Note Series",
}

@InCollection{gentzen35,
  author =       "Gerhard Gentzen",
  title =        "Investigations into Logical Deduction",
  booktitle =    "{The Collected Papers of Gerhard Gentzen}",
  editor =       "M. E. Szabo",
  publisher =    "North-Holland",
  address =      "Amsterdam",
  year =         "1935",
  pages =        "68--131",
  extra =        "Translation of articles that appeared in 1934-35.
                 Collected papers appeared in 1969.",
  doi =          "10.1007/BF01201353",
}

@InProceedings{herbelin94csl,
  author =       "Hugo Herbelin",
  title =        "A Lambda-Calculus Structure Isomorphic to
                 {G}entzen-Style Sequent Calculus Structure",
  booktitle =    "Computer Science Logic, 8th International Workshop,
                 CSL '94",
  pages =        "61--75",
  publisher =    "Springer",
  series =       "Lecture Notes in Computer Science",
  volume =       "933",
  year =         "1995",
}

@InProceedings{nadathur88iclp,
  author =       "Gopalan Nadathur and Dale Miller",
  title =        "An {Overview} of {$\lambda$Prolog}",
  editors =      "Kenneth A. Bowen and Robert A. Kowalski",
  booktitle =    "{Fifth International Logic Programming Conference}",
  address =      "Seattle",
  publisher =    "MIT Press",
  pages =        "810--827",
  month =        aug,
  year =         "1988",
}
#  URL =          "http://www.lix.polytechnique.fr/Labo/Dale.Miller/papers/iclp88.pdf",

@Unpublished{liang20unp,
  author =       "Chuck Liang and Dale Miller",
  title =        "Focusing {Gentzen's} {LK} proof system",
  note =         "Submitted",
  month =        apr,
  year =         "2020",
}

@Article{miller91apal,
  author =       "Dale Miller and Gopalan Nadathur and Frank Pfenning
                 and Andre Scedrov",
  title =        "Uniform Proofs as a Foundation for Logic Programming",
  journal =      apal,
  year =         "1991",
  volume =       "51",
  number =       "1--2",
  pages =        "125--157",
}

@InProceedings{miller87lics,
  author =       "Dale Miller and Gopalan Nadathur and Andre Scedrov",
  title =        "Hereditary {Harrop} Formulas and Uniform Proof
                 Systems",
  booktitle =    lics87,
  pages =        "98--105",
  editor =       "David Gries",
  address =      "Ithaca, NY",
  month =        jun,
  year =         "1987",
}

@Article{chaudhuri08jar,
  author =       "Kaustuv Chaudhuri and Frank Pfenning and Greg Price",
  title =        "A Logical Characterization of Forward and Backward
                 Chaining in the Inverse Method",
  journal =      "J. of Automated Reasoning",
  year =         "2008",
  month =        mar,
  volume =       "40",
  number =       "2-3",
  pages =        "133--177",
  doi =          "10.1007/s10817-007-9091-0",
  pdf =          "http://www.springerlink.com/content/b335r17728862pm2/fulltext.pdf",
}

@PhdThesis{chaudhuri06phd,
  author =       "Kaustuv Chaudhuri",
  title =        "The Focused Inverse Method for Linear Logic",
  school =       "Carnegie Mellon University",
  month =        dec,
  year =         "2006",
  note =         "Technical report CMU-CS-06-162",
  pdf =          "http://reports-archive.adm.cs.cmu.edu/anon/2006/CMU-CS-06-162.pdf",
}

@InProceedings{mclaughlin09ijcar,
  author =       "Sean McLaughlin and Frank Pfenning",
  editor =       "Renate A. Schmidt",
  booktitle =    "Proceedings of the 22nd International Conference on
                 Automated Deduction",
  series =       lncs,
  volume =       "5663",
  publisher =    pub-sv,
  pages =        "230--244",
  doi =          "10.1007/978-3-642-02959-2_19",
  title =        "Efficient Intuitionistic Theorem Proving with the
                 Polarized Inverse Method",
  year =         "2009",
}

@Unpublished{mclaughlin10unp,
  author = 	 {Sean McLaughlin and Frank Pfenning},
  title = 	 {The Focused Constraint Inverse Method for Intuitionistic Modal Logics},
  note = 	 {Available at http://www.cs.cmu.edu/~fp/papers/inviml10.pdf},
  year = 	 2010}



